@book{sobell2008practical,
  title={Practical Guide to Ubuntu Linux (Versions 8.10 and 8.04)},
  author={Sobell, M.G.},
  isbn={9780137002887},
  url={https://books.google.com.np/books?id=dJgjPqQDajMC},
  year={2008},
  publisher={Pearson Education}
}
@misc{dspinellis,
  author = {Diomidis Spinellis},
  title = {unix-history-repo},
  year = {1995},
  publisher = {GitHub},
  journal = {GitHub repository},
  howpublished = "\url{https://github.com/dspinellis/unix-history-repo/blob/BSD-Release/usr/src/bin/cat/cat.c}",
  commit = {ad7871609881e73855d0b04da49b486cd93efca7}
}
@misc{cprogramming,
    author    = "Alex Allain",
    title     = "Using Valgrind to Find Memory Leaks and Invalid Memory Use",
    url       = "https://www.cprogramming.com/debugging/valgrind.html"
}
@misc{freecodecamp,
    author    = "Srijan",
    title     = "Pointers in C Explained â€“ They're Not as Difficult as You Think",
    url       = "https://www.freecodecamp.org/news/pointers-in-c-are-not-as-difficult-as-you-think/"
}
@manual{err,
 title      = "ERR(3) Linux Programmer's Manual",
 year       = "2020",
 month      = "July",
}
@manual{ferror,
    title = "FERROR(3) Linux Programmer's Manual",
    year = "2019",
    month = "March",
}
@manual{strcmp,
    title = "STRCMP(3) Linux Programmer's Manual",
    year = "2020",
    month = "April",
}
@manual{open,
    title = "OPEN(2) Linux Programmer's Manual",
    year = "2020",
    month = "June",
}
@manual{fstat,
    title = "FSTAT(3P) POSIX Programmer's Manual",
    year = "2013",
    month = "March",
}
@manual{malloc,
    title = "MALLOC(3) Linux Programmer's Manual",
    year = "2020",
    month = "June",
}
@manual{close,
    title = "CLOSE(2) Linux Programmer's Manual",
    year = "2020",
    month = "June",
}
@manual{unistd,
    title = "unistd.h(0P) POSIX Programmer's Manual",
    year = "2013",
    month = "June",
}
@manual{read,
    title = "READ(2) Linux Programmer's Manual",
    year = "2018",
    month = "February",
}
@manual{write,
    title = "WRITE(2) Linux Programmer's Manual",
    year = "2019",
    month = "October",
}



